2704 3263
1315 112 1356 178 8

278 281 497 319 amorem
526 279 783 326 summum
814 276 1056 332 umquam
1085 260 1343 329 celabat,
1323 253 1432 334 ipse
1473 262 1527 317 in
1556 280 1707 317 suum
1736 263 1916 317 heum
1933 265 2188 320 ωιιιιιὶειιι
2218 269 2393 322 nomi-
2444 299 2453 303 -

278 343 434 409 uadit,
463 363 515 396 ιι.
536 343 684 397 eund.
717 349 799 408 53,
830 350 913 401 ⁵2
979 343 1293 397 Notissumae
1312 353 1431 396 sunt
1454 345 1752 417 seditiones,
1752 344 1837 397 bis
1851 356 2061 416 propter
2079 347 2393 409 consulatum

278 424 503 490 coortae5
547 440 654 476 non
689 440 830 474 rarae
869 432 1013 474 erant
1049 414 1248 477 insidiae
1296 423 1526 495 Augusto
1554 433 1780 477 structae.
1862 427 2015 497 Leges
2043 437 2304 511 rogantem·
2329 428 2394 480 de

279 523 483 560 morum
503 502 853 557 emendatione
869 521 995 557 ιιοιι
1004 504 1296 557 dubitarunt
1324 514 1572 558 senatores
1600 505 1838 559 conuiciis
1864 518 2042 577 petere,
2066 526 2121 558 u.
2122 506 2286 561 Dion.
2312 514 2394 574 54,

285 586 369 639 16.
434 580 701 635 Antistium
722 583 1007 634 Labeonem
1032 594 1213 637 notum
1233 594 1305 635 est
1333 586 1510 661 acriter
1538 586 1771 653 carpsisse
1787 580 2089 656 Augustum,
2117 583 2394 642 custodiam

281 665 508 758 eorporis·
529 658 889 733 postulantem,
929 683 984 715 ιι.
1016 664 1173 717 Dion.
1205 668 1284 729 54,
1317 668 1401 719 51.
1463 666 1547 718 Set
1577 664 1786 737 longum
1816 676 1915 732 est,
1956 668 2126 720 omnia
2155 666 2213 719 id·
2237 681 2397 737 genus

280 744 533 814 persequi,
565 746 782 813 satisque
814 744 870 795 in
901 756 1070 814 aperto
1097 754 1184 825 est,
1211 744 1381 805 fuisse
1392 746 1645 798 etiamtum
1665 746 1936 818 Romanos,
1966 748 2055 817 qui
2084 746 2234 798 unius
2252 747 2397 815 prin-

281 826 500 922 eipssxm
519 825 694 904 iniquo
717 823 908 874 ferrent
933 827 1126 891 animo,
1147 823 1372 896 quosque
1399 836 1485 877 aut
1505 824 1640 877 ferro
1670 835 1718 876 ct
1741 827 1847 895 igni
1870 826 2042 892 delere,
2070 828 2157 876 aut
2175 827 2399 882 circum-

282 901 565 975 spiciendo,
617 906 920 969 cunctando,
965 900 1267 975 indulgendo
1305 910 1491 958 sensim
1525 908 1590 958 ad
1624 907 1797 975 imperi
1833 907 2119 975 patientiam
2157 898 2396 956 adducere

282 984 558 1056 oportebat.
624 984 819 1050 Restat,
859 995 939 1056 ιιι,
984 987 1222 1054 quoniam
1248 986 1460 1057 Augusti
1487 996 1719 1042 naturam
1752 997 1903 1056 atque
1935 986 2157 1038 indolem
2179 996 2229 1036 et
2258 987 2397 1055 prius

281 1067 417 1120 sacta
439 1066 623 1135 pariter
653 1075 804 1133 atque
830 1067 900 1122 rei
920 1067 1178 1118 Romanae
1208 1068 1545 1119 condicionem
1577 1068 1818 1136 flagitasse
1845 1068 2164 1131 ostendimus,
2193 1077 2261 1117 ut
2269 1066 2399 1117 lente

285 1157 526 1224 cauteque
554 1155 805 1214 ageretur,
848 1164 926 1196 res
954 1147 1087 1214 ipsas
1120 1148 1324 1199 rationis
1354 1148 1625 1199 necessitati
1660 1147 1952 1215 respondere
1983 1148 2398 1199 demonstremus

285 1231 466 1292 Quam,
487 1225 801 1276 triumuiratu
821 1225 979 1290 finito,
1009 1236 1295 1294 potestatem
1327 1226 1683 1278 triumuiralem
1702 1219 1981 1291 retinuerat,
2011 1226 2271 1278 tribunicia
2301 1243 2407 1293 po·

284 1317 456 1361 testate
501 1316 724 1369 auctam,
768 1325 820 1355 u.
863 1307 1016 1356 Dion.
1048 1311 1249 1371 51,19‚
1281 1306 1467 1374 populo
1511 1324 1565 1357 se
1605 1306 1911 1358 redditurum
1951 1305 2228 1375 professus
2242 1317 2314 1357 est
2353 1323 2398 1358 a:

286 1388 388 1442 726
421 1412 486 1439 =
514 1390 617 1438 727
656 1395 773 1438 teste
815 1387 975 1435 Dione
1011 1392 1091 1449 53,
1126 1393 1173 1444 2,
1215 1397 1288 1435 set
1318 1386 1427 1453 cogi
1460 1403 1512 1435 se
1540 1402 1714 1452 passus
1745 1395 1844 1450 est,
1887 1395 1943 1436 ut
1981 1386 2243 1455 imperium
2277 1387 2402 1437 reti*

287 1463 439 1519 neret.
503 1465 724 1531 Suscepit
762 1466 914 1533 igitur
956 1465 1123 1516 decem
1166 1477 1413 1515 annorum
1446 1465 1724 1531 imperium.
1791 1423 1931 1516 Idem
1965 1467 2226 1517 consilium
2251 1484 2402 1518 reno-

286 1558 461 1604 uatum
495 1546 637 1597 annis
668 1549 771 1600 735
796 1545 1004 1609 2736,
1056 1550 1237 1599 745:
1256 1545 1383 1607 746,
1420 1548 1603 1597 7⁵0:
1633 1549 1762 1606 751,
1802 1547 1987 1599 765:
2003 1547 2119 1609 766,
2161 1556 2214 1595 ει
2231 1530 2402 1602 baone

287 1634 411 1678 teste
443 1624 524 1689 56,
544 1624 593 1689 6,
617 1630 697 1676 12.
736 1623 816 1689 56,
834 1628 901 1678 28
929 1622 1051 1676 haut
1077 1634 1280 1693 grauate
1304 1623 1565 1675 abiectum.
1637 1623 1960 1687 Quodunodo
1976 1626 2091 1691 dixi,
2119 1623 2402 1694 professum

290 1706 624 1763 Octauianum
641 1723 757 1769 esse,
776 1723 828 1755 se
845 1704 1118 1755 libertatem
1135 1703 1457 1769 redditurum,
1475 1703 1717 1764 debebam
1738 1704 1916 1758 dicere:
1950 1663 2219 1771 simulasse,
2248 1706 2405 1758 adeo-

290 1806 388 1856 que
415 1785 729 1853 impudenter
760 1785 1034 1848 simulasse,
1077 1785 1165 1852 qui
1196 1785 1328 1834 enim
1361 1784 1581 1847 simulat,
1610 1784 1749 1852 quod
1775 1802 2077 1853 quemquam
2104 1785 2404 1836 crediturum

289 1886 356 1920 ne
381 1883 576 1936 sperare
606 1864 807 1936 quidem
836 1865 1018 1933 possit,
1055 1863 1493 1932 impudentissume
1523 1863 1768 1931 simulare,
1800 1865 1913 1933 quis
1944 1874 2015 1915 est
2044 1866 2170 1933 quin
2193 1865 2404 1917 confite-

291 1943 440 1998 atur?
474 1943 478 1947 ’
508 1945 658 1997 Aliud
699 1955 797 2010 est,
841 1945 980 2014 quod
1013 1963 1120 1994 non
1156 1949 1337 1998 temere
1375 1944 1622 1996 simulauit
1633 1964 1649 2009 ς
1691 1945 1929 2014 quoniam
1967 1946 2100 1995 enim
2125 1961 2231 1995 non
2258 1946 2405 2011 pauci

292 2035 450 2092 eraut,
477 2026 567 2096 qui
600 2026 745 2078 unius
780 2025 1042 2094 imperium
1075 2034 1181 2076 toto
1208 2034 1417 2094 pectore,
1447 2034 1504 2076 ut
1533 2024 1723 2089 dicitur,
1753 2034 2113 2089 auersarentur,
2143 2024 2280 2093 quod
2308 2023 2404 2086 hoc

292 2108 555 2177 imperium
586 2124 693 2158 non
721 2115 825 2156 tam
853 2122 1047 2159 sumere
1074 2105 1182 2168 sibi,
1211 2123 1362 2175 quam
1391 2105 1601 2173 accipere
1629 2105 1816 2156 inuitus
1845 2105 2000 2158 uideri
2026 2104 2201 2168 uoluit,
2229 2113 2406 2161 senatu

293 2184 583 2258 populoque
612 2186 909 2249 iubentibus,
938 2204 1045 2236 ιιοιι
1067 2203 1186 2236 sane
1217 2195 1396 2239 temere
1428 2184 1690 2249 simulauit,
1719 2194 1792 2236 set
1810 2184 2091 2237 'admodum
2119 2184 2406 2254 prudenter.

293 2271 397 2319 Nec
421 2266 559 2336 quod
578 2265 846 2334 prudenter
861 2264 992 2329 fecit,
1019 2264 1206 2316 frustra
1241 2264 1369 2318 fecit.
1436 2266 1643 2316 Senatus
1663 2265 1795 2315 enim
1816 2264 2128 2336 populusque
2144 2265 2405 2317 Romanus

294 2346 408 2417 post
434 2358 539 2399 tam
557 2346 796 2399 diuturna
811 2356 1015 2415 tamque
1038 2356 1242 2399 cruenta
1261 2347 1385 2400 bella
1404 2348 1536 2415 pacis
1559 2346 1812 2398 dulcedine
1830 2347 1959 2414 capti
1988 2355 2154 2415 gratos
2174 2344 2408 2402 testifica-

296 2430 398 2482 turi
433 2429 628 2481 animos
647 2427 872 2497 deinceps
901 2427 1234 2481 Octauianum
1262 2427 1521 2480 tribunicia
1546 2437 1796 2497 potestate,
1817 2428 2032 2479 censoris
2049 2426 2256 2492 honore,
2283 2444 2411 2495 pm·-

297 2502 546 2562 0onsulari
558 2508 763 2577 imperio
779 2508 985 2578 aliisque
998 2507 1168 2561 multis
1184 2515 1492 2576 'ornauerunt
1512 2507 1800 2561 honoribus·
1839 2510 1980 2572 Quae
1995 2508 2164 2559 omnia
2175 2507 2257 2558 cui
2270 2505 2407 2570 bono

299 2588 605 2649 Octauianus
635 2589 730 2643 sibi
746 2590 971 2647 mandari
1003 2606 1179 2657 passus
1210 2590 1316 2641 est?
1383 2590 1704 2656 Imperatoria
1731 2589 1879 2654 enim,
1911 2606 2012 2657 qua
2042 2586 2288 2650 utebatur,
2310 2603 2411 2653 po-

298 2680 448 2723 testas
477 2677 618 2723 tanta
646 2678 776 2733 erat,
817 2679 876 2724 ut
907 2687 1157 2722 summam
1187 2686 1368 2720 rerum·
1386 2668 1617 2720 manibus
1647 2678 1855 2734 teneret,
1894 2683 2056 2741 quae.
2051 2683 2157 2716 non
2191 2664 2410 2729 baberet,

298 2749 447 2810 facile
473 2749 569 2805 sibi
591 2768 685 2818 pro
715 2749 923 2804 arbitrio
952 2768 1045 2802 suo
1075 2749 1291 2802 tribuere
1321 2758 1502 2819 posset.
1565 2738 1748 2817 Neai-pe
1777 2751 1923 2801 unes
1956 2734 2206 2797 uidebat&
2234 2747 2414 2796 Ιιοαιίιιέ

210 2870 217 2874 -
297 2827 525 2898 prudenti
544 2829 669 2885 nullm
693 2832 810 2882 λεια
837 2833 1089 2899 accepitee,
1111 2847 1254 2900 quani
1280 2838 1560 2901 unqu-ter
1583 2837 1779 2897 ’καιρία
1793 2831 1964 2883 ιιι-ηιξ.
2004 2827 2192 2887 Porro
2211 2823 2416 2881 Cassius

300 2912 414 2977 Dio,
437 2919 709 2980 postquam
729 2910 1044 2964 tribuniciam
1078 2920 1366 2987 potestatem
1381 2910 1656 2976 Octauiano
1676 2909 1960 2962 mandatam
1980 2925 2083 2962 esse
2095 2907 2300 2973 tradidit
2329 2909 2413 2971 51,
