2704 3263
1298 110 1452 180 15-

278 260 493 330 dignita
535 256 801 311 uidebatur
830 255 1073 322 restituta,
1121 256 1230 310 ndu
1268 255 1560 328 impediente
1580 256 1669 308 >uel
1710 254 1944 309 dictatore
1968 256 2049 309 ue!
2084 259 2377 311 *tumuit-in.

251 337 258 344 ’
281 341 459 411 Itaque
483 339 804 405 Omnium&
833 336 1084 390 Ciceronis
1115 337 1442 406 potissumum
1474 337 1761 389 auctoritate
1776 335 2078 407 pnoirnctor
2105 339 2377 408 appellatus

281 437 340 472 ac
358 429 470 488 post
487 419 763 471 Antonium
786 417 990 486 pulsum
1017 418 1320 486 imperatoris
1344 417 1548 469 nomine
1570 416 1857 481 honoratus,
1885 437 2002 469 eum
2034 418 2220 470 bellum
2241 421 2376 469 ‘con-

280 509 360 550 tra
383 493 660 551 Antonium
704 498 1056 567 perficiendum
1088 503 1282 567 praeter
1308 497 1688 566 expectationem
1718 515 1862 549 suam
1888 508 2091 550 senatus
2116 499 2181 550 D.
2217 500 2383 551 Bruto*

274 579 580 644 mandasset,
617 576 926 629 consulatum
959 578 1258 646 primum⁴et
1286 578 1422 647 petiit
1453 586 1504 628 et
1532 587 1821 630 consecutus
1855 588 1929 630 est
1954 596 2002 630 a.
2031 578 2137 634 710
2159 600 2227 647 =
2258 584 2376 633 711.

279 659 397 711 Post
421 660 606 717 eodem
637 676 774 710 anno
802 658 1166 709 triumuiratum
1196 658 1305 710 iniit
1332 659 1401 711 rei
1431 677 1482 728 p.
1514 660 1881 711 constituendae
1909 676 2025 711 cum
2061 659 2135 709 M,
2168 657 2377 712 Aemilio

278 740 465 809 Lepido
494 750 545 791 et
571 740 644 792 M.
667 739 905 790 Antonio.
970 739 1336 792 Triumuiratus
1364 748 1548 804 autem,
1576 740 1668 809 qui
1696 741 2013 810 magistratus
2040 749 2144 791 erat
2171 742 2243 792 rei
2273 759 2377 811 pu-

279 818 433 873 hume
450 821 768 885 ordinandae,
798 818 922 872 nibil
941 828 1046 871 erat
1074 819 1169 871 nisi
1187 820 1489 884 consulatus,
1503 820 1773 872 accedente
1802 821 2181 892 magistratuum
2209 818 2377 871 electi-

274 917 392 952 ·one·
411 909 460 952 et
498 900 866 983 prouinciarum
895 900 1323 969 grauissumarum
1365 900 1778 953 administratione
1784 921 1799 966 3
1839 902 1907 953 sic
1943 899 2199 970 Appianus
2229 898 2287 950 B.
2316 898 2375 950 C.

278 978 368 1046 IV,
400 990 449 1038 2·
470 979 669 1052 καινήν
691 998 806 1032 eum
829 979 996 1052 ἀρχήν
1028 986 1157 1036 ἴσον
1188 977 1508 1049 ἰσχύουσαν
1533 978 1824 1046 ’ὑπάτοις
1852 980 2084 1051 appellat..
2132 980 2376 1045 Quocirca

280 1062 584 1111 Octauianus
613 1071 662 1111 et
688 1079 748 1112 eo
777 1063 885 1128 ipso
915 1078 1052 1109 anno
1082 1078 1186 1110 sese
1210 1061 1456 1111 abdicauit
1480 1061 1756 1128 consulatu,
1785 1080 1881 1111 nec
1900 1062 2243 1111 triumuiratus
2268 1060 2376 1128 pri·-

279 1141 352 1191 mi
378 1140 719 1209 quinquennio
749 1149 838 1191 aut
862 1141 1129 1191 continuati
1150 1140 1303 1190 altero
1328 1158 1568 1208 umquam
1596 1159 1655 1191 eo
1685 1140 1875 1192 bonore
1901 1143 2024 1191 usus
2055 1151 2141 1204 est,
2159 1141 2267 1191 nisi
2295 1139 2377 1189 ul-

279 1227 422 1269 tumo
450 1220 794 1269 triumuiratus
827 1221 1027 1270 secundi
1057 1222 1192 1270 anno
1226 1224 1329 1272 720
1356 1246 1421 1272 =
1448 1224 1573 1282 721,
1637 1221 1790 1288 idque
1820 1238 1981 1271 unum
2009 1231 2206 1271 tantum
2245 1220 2376 1269 diem

280 1306 399 1349 teste
426 1297 787 1349 Cassio'Dione
816 1303 902 1362 49,
932 1305 1026 1363 43,
1056 1296 1198 1349 simili
1215 1297 1421 1349 fortasse
1438 1297 1500 1348 de
1520 1316 1705 1363 caussa,
1738 1317 1837 1367 qua
1866 1310 2032 1368 postea
2062 1299 2375 1351 consulatum

279 1378 627 1430 duodecimum
653 1386 702 1428 et
731 1380 928 1429 tertium
949 1379 1194 1429 decimum
1223 1378 1371 1447 petiit,
1403 1396 1454 1427 u.
1474 1378 1622 1429 Dion.
1643 1379 1675 1429 l.
1696 1397 1737 1429 c.
1761 1380 2018 1431 etSueton.
2036 1381 2213 1431 Octau.
2232 1398 2273 1429 c.
2293 1379 2374 1432 26.

280 1458 418 1510 Alter
443 1459 782 1509 triumuiratus
812 1471 1116 1528 quamquam
1144 1477 1171 1509 e
1207 1460 1312 1528 lege
1340 1456 1493 1508 finem
1520 1458 1696 1509 habuit
1729 1458 1922 1510 ultumo
1960 1478 2006 1512 a.
2034 1464 2068 1514 7
2070 1466 2137 1511 20
2164 1487 2228 1513 =
2258 1465 2375 1523 721,
2395 1490 2406 1504 κ

278 1537 663 1589 cinDrumann.
682 1540 803 1589 Hist.
831 1540 978 1589 Rom.
1007 1542 1046 1589 Ι.
1076 1558 1125 1606 p.
1153 1544 1270 1603 371,
1301 1557 1353 1589 re
1381 1540 1489 1606 ipsa
1515 1549 1680 1589 tamen
1707 1539 1916 1604 «iurauit,
1945 1542 2060 1608 quia
2085 1558 2233 1589 nemo
2259 1550 2375 1610 erat,

155 1644 171 1661 x
274 1618 370 1687 qui
397 1627 486 1670 aut
496 1618 769 1670 Octauiano
796 1628 883 1669 aut
912 1618 1133 1669 Antonio
1162 1635 1409 1669 summam
1434 1624 1720 1685 potestatem
1749 1617 2021 1671 detraheret
2028 1640 2043 1686 3
2069 1621 2234 1688 itaque
2253 1629 2377 1688 pro-

281 1715 436 1748 xumo
473 1715 610 1749 anno
656 1702 691 1753 7
693 1704 758 1751 21
788 1724 853 1751 =
885 1703 986 1753 722
1017 1710 1111 1749 ⁴nec
1139 1698 1439 1749 Octauianus
1466 1714 1560 1749 nec
1589 1699 1837 1750 Antonius
1871 1699 2180 1751 consulatum
2214 1701 2377 1770 gessit,

281 1780 492 1847 Lepidus
516 1780 648 1829 enim
679 1779 743 1829 ad
772 1780 1017 1846 priuatam
1046 1781 1201 1829 uitam
1230 1779 1456 1829 redactus
1486 1789 1604 1829 erat.
1668 1780 1755 1828 Set
1782 1780 1954 1830 eodem
1982 1797 2117 1830 anno
2144 1780 2378 1832 Octauia-

281 1877 381 1910 nus
414 1878 527 1909 cum
554 1860 775 1909 Antonio
805 1858 1075 1909 debellandi
1103 1869 1296 1926 tempus
1320 1859 1483 1908 adesse
1511 1868 1651 1909 ratus
1683 1857 1875 1922 ectecit,
1907 1869 1961 1909 ut
1996 1860 2218 1910 Antonio
2251 1878 2378 1911 con-

284 1939 489 2004 sulatus,
520 1940 598 1989 cui
626 1958 678 1990 se
705 1940 869 2007 ipsum
898 1957 1013 1989 cum
1028 1939 1250 1989 Antonio
1280 1940 1332 1988 iu
1360 1957 1663 2006 proxumum
1692 1956 1882 1989 annum
1912 1940 2193 2004 destinarat,
2225 1941 2378 1991 abro—

280 2028 498 2086 garetur,
533 2020 809 2087 omnisque,
838 2037 992 2087 quam
1016 2027 1261 2087 praeterea
1286 2017 1497 2070 habebat
1515 2028 1818 2087 potestatem,
1850 2020 2136 2084 demeretur,
2163 2039 2211 2068 u.
2240 2020 2374 2069 Cass.

281 2102 343 2151 D.
376 2104 458 2166 50,
488 2106 537 2165 4,
565 2100 688 2151 dum
721 2101 826 2169 ipse
856 2101 1000 2170 quasi
1028 2099 1244 2170 quadam
1272 2100 1415 2150 tacita
1442 2099 1614 2169 populi
1643 2102 1961 2152 consensione
1990 2112 2038 2152 et
2066 2099 2376 2151 consulatum

280 2181 512 2250 proxumi
525 2181 645 2232 anni
663 2182 917 2248 retinebat,
934 2191 983 2232 et
1003 2199 1156 2250 quam
1175 2191 1421 2250 praeterea
1439 2180 1652 2233 habebat
1671 2192 1971 2250 potestatem,
1986 2181 2038 2236 h.
2054 2201 2110 2246 e.,
2138 2184 2180 2232 si
2199 2199 2375 2232 uerum

280 2262 507 2327 dicimuS,
543 2258 925 2327 triumuiralem,
958 2262 1217 2314 consulatu
1244 2264 1496 2314 maiorem.
1578 2263 1861 2328 Οοηειιζαιω
1890 2264 2040 2331 igitur
2064 2266 2244 2312 nomine
2268 2279 2377 2312 rem

280 2343 432 2410 gessit
456 2352 626 2395 contra
646 2343 935 2408 Antonium,
964 2351 1191 2409 potestate
1213 2362 1334 2396 usus
1359 2345 1503 2395 multo
1522 2346 1714 2405 maiore,
1747 2353 1805 2392 ut
1837 2345 2105 2395 uerissume
2130 2343 2328 2408 Tacitus
2350 2345 2376 2394 1

282 2421 464 2471 Annal.
485 2441 528 2472 c.
548 2434 595 2479 2.
622 2423 684 2474 de
694 2424 920 2494 Augusto
934 2423 1084 2474 dicat:
1116 2424 1277 2492 posito
1295 2424 1540 2475 triumuiri
1555 2424 1758 2474 nomine
1778 2424 2008 2473 consulem
2024 2441 2073 2473 se
2090 2424 2372 2491 fet-enf'4—.

282 2498 403 2551 Post
429 2518 651 2571 pugnam
681 2503 947 2568 Actiacam,
978 2503 1255 2555 Antonium
1276 2505 1539 2569 deuictum,
1571 2505 1848 2573 Aegyptum
1879 2503 2147 2569 subactam,
2178 2503 2378 2553 Asiam·-

224 2588 229 2591 “
280 2598 384 2648 que
399 2581 727 2646 constitutam,
756 2601 803 2634 a.
842 2575 1023 2637 724:
1040 2588 1160 2648 725,
1190 2602 1293 2653 quo
1323 2577 1553 2652 quintum
1578 2585 1775 2653 gerebat
1812 2585 2134 2647 consulatum,
2164 2584 2378 2632 Romam

280 2659 438 2712 redux
459 2663 762 2714 cumanimo
789 2679 884 2714 suo
911 2673 960 2714 et
984 2665 1153 2715 amicis
1179 2665 1474 2729 deliberauit,
1503 2681 1626 2730 num
1645 2664 1793 2714 armis
1810 2665 1977 2732 positis
2000 2684 2023 2715 s
2038 2664 2193 2714 »natui
2213 2680 2376 2732 popu·
2470 2672 2473 2682 ¹

280 2738 436 2808 loque
460 2759 542 2794 res
569 2745 903 2811 committeret,
936 2763 989 2797 u.
1008 2746 1154 2797 Dion.
1184 2750 1268 2812 51,
1308 2754 1358 2801 1.
1420 2746 1633 2798 Disiecta
1660 2745 1779 2797 haec
1810 2735 2055 2796 dubitatio
2085 2756 2158 2796 est
2186 2745 2380 2792 Maece-

281 2819 415 2872 natis
435 2822 775 2889 potissumum
801 2821 1002 2894 consilio
1008 2842 1027 2891 ς
1065 2843 1221 2895 quam
1250 2826 1543 2891 obtinuerat,
1573 2825 1708 2876 nulla
1735 2825 1842 2894 lege
1872 2825 2132 2888 sanciente,
2163 2832 2381 2891 potesta-

280 2909 384 2953 tem
407 2910 661 2956 summ·
684 2906 929 2974 retinens,
957 2915 1018 2959 ut
1041 2905 1149 2987 lege
1167 2907 1448 2975 sanciretur,
1474 2907 1678 2958 curauit.
1742 2909 2031 2975 Imperator·
2046 2907 2176 2956 enim
2208 2904 2381 2975 appel-
