2704 3263
1310 117 1352 180 4

290 268 443 321 extitit
474 267 644 320 Tiberi
675 264 906 330 Gracchi,
946 282 1131 336 magua
1160 264 1401 331 Iabelio,
1421 265 1569 336 ,quod
1596 263 1883 336 Augustum
1912 279 2122 325 conatus
2153 276 2396 332 estiniu-

289 350 372 400 riis
401 348 486 398 diu
518 346 800 416 propagatis
835 344 1041 398 liberare
1076 347 1491 398 commentatione
1522 345 1586 399 de
1617 345 1830 417 Augusti
1857 349 2161 421 principatu,
2197 372 2313 425 quae
2342 357 2399 411 in

289 428 527 480 Raumeri
562 426 742 478 Annal.
774 425 946 478 histor.
975 426 1033 477 P.
1060 427 1124 477 V.
1154 427 1295 478 inest.

425 508 510 558 Set
526 505 785 558 aLoebelio
810 506 1049 573 quoniam
1067 524 1145 558 res
1163 505 1394 558 incohata
1413 506 1613 577 quidem
1632 505 1836 562 feliciter
1859 518 1908 560 et
1923 509 2227 580 aliquamdiu
2245 525 2397 586 gesta,

291 597 366 640 set
390 606 493 638 non
521 587 588 638 ad
614 586 768 637 finem
793 585 1030 655 perducta
1052 587 1263 652 uidetur,
1293 596 1343 638 et
1372 586 1740 656 quodammodo
1766 588 1958 642 deserta
1983 607 2099 658 cese,
2127 595 2248 664 quid
2273 595 2398 648 illud

290 669 368 734 sit,
394 668 449 719 in
483 685 588 738 quo
617 666 856 719 dissensio
873 676 1099 720 uersetur
1129 677 1321 733 nostra,
1350 684 1656 737 quamquam
1681 667 1825 738 plene
1853 688 2096 741 exponere
2119 674 2272 730 huius
2301 676 2396 730 loci

288 758 518 802 uetamur
547 746 750 813 finibus,
778 757 950 800 tamen
977 748 1248 819 significare
1266 748 1413 802 breui
1444 748 1717 802 statuimus.

426 829 561 880 Cum
575 828 797 898 uolgatis
824 827 931 880 haec
955 829 1020 881 sit
1041 830 1103 881 de
1123 831 1337 923 Augusti
1352 830 1630 900 principatu
1645 831 1827 899 opinio,
1858 841 1917 882 ut
1947 836 2154 893 summis
2183 836 2397 906 quihus-³

282 929 389 979 que
425 908 791 980 magistratibus
824 910 878 958 in
916 926 970 960 se
999 909 1203 978 receptis
1239 911 1502 979 imperium
1530 911 1756 961 uideatur
1785 913 2142 995 constituisse,
2156 916 2396 970 dubitatio

287 990 503 1041 Loebelio
527 989 703 1040 oborta
733 999 805 1038 est
835 1008 894 1039 ex
919 1008 994 1053 eo,
1018 991 1156 1059 quod
1182 990 1505 1054 consulatum,
1535 991 1623 1058 qui
1651 991 1849 1058 quidem
1877 990 2192 1062 mag-istratus
2220 1014 2395 1067 regum

288 1070 398 1121 loco
432 1069 684 1122 institutus
713 1079 808 1134 est,
838 1088 974 1121 auno
1003 1075 1200 1125 731...
1135 1095 1200 1107 —
1228 1075 1261 1124 7
1263 1075 1328 1124 32
1363 1081 1412 1122 et
1441 1071 1696 1139 proxumis
1729 1071 1795 1122 ad
1824 1071 1979 1124 finem
2007 1076 2142 1142 uitae,
2188 1080 2396 1144 exceptis

290 1150 490 1202 duobus
504 1149 664 1214 annis,
693 1148 861 1219 gerere
893 1150 1163 1202 recussarit.
1230 1150 1312 1200 Set
1333 1149 1481 1201 huius
1503 1150 1702 1220 quidem
1721 1151 1794 1202 rei
1810 1150 1958 1203 aliam
1986 1172 2212 1210 caussam
2243 1157 2396 1224 quaeri

289 1240 527 1299 oportere.
594 1231 767 1297 Itaque
807 1230 1121 1280 consulatum
1174 1230 1240 1280 ab
1285 1226 1516 1298 Augusto
1545 1231 1781 1280 reiectum
1814 1247 1917 1281 esse
1938 1230 2047 1283 ,hoc
2076 1234 2311 1299 oonsiliQ·
2339 1246 2397 1287 ut

288 1311 623 1378 intellegerent
651 1308 918 1376 aliquando
947 1309 1177 1371 Romani,
1207 1309 1543 1376 gubernacula
1571 1310 1643 1359 rei
1669 1307 1880 1377 publicae
1910 1311 2096 1363 tenenti
2125 1329 2234 1363 non
2266 1333 2395 1382 opus

289 1408 394 1441 esse
422 1389 705 1452 consulatu,
745 1390 1189 1457 imperatoremque
1214 1405 1318 1437 esse
1343 1406 1397 1437 re
1423 1388 1622 1454 publica
1653 1389 1906 1440 maiorem.
1972 1390 2058 1440 Set
2082 1393 2309 1460 eundem,
2337 1407 2397 1447 ιιι

288 1469 543 1533 Romanis,
572 1469 613 1519 si
638 1468 771 1519 forte
798 1469 1038 1520 tardiores
1068 1475 1231 1518 essent
1255 1467 1320 1518 ad
1349 1466 1744 1535 intellegendum,
1770 1468 1866 1521 bac
1889 1470 1950 1521 de
1964 1488 2018 1521 re
2042 1474 2260 1539 grauiter
2276 1495 2395 1544 per-

288 1551 600 1615 suaderetur,
640 1549 945 1600 constituisse
984 1547 1161 1615 imperi
1191 1545 1357 1597 sedem
1387 1547 1591 1604 Troiam
1621 1546 1901 1602 transferre.
1971 1551 2212 1614 Quom'rca
2240 1574 2395 1624 repu-

288 1631 525 1682 diandam
556 1647 659 1679 esse
689 1630 863 1678 Dionis
897 1629 1186 1680 memoriam
1220 1631 1301 1690 54,
1321 1633 1401 1690 10,
1422 1627 1510 1695 qui
1536 1627 1842 1679 consularem
1856 1627 2087 1698 Augusto
2103 1642 2393 1700 potestatem

287 1713 574 1764 mandatam
601 1710 783 1760 scribat
807 1729 850 1759 a.
887 1714 989 1763 734
1017 1735 1082 1761 =
1111 1711 1229 1760 735.

423 1793 518 1843 Cui
560 1790 763 1857 quidem
801 1790 1093 1840 coniecturae
1133 1786 1253 1855 quid
1290 1785 1610 1837 tribuendum
1657 1779 1744 1850 sit,
1783 1788 1990 1856 planum
2018 1792 2148 1855 erit,
2165 1792 2270 1858 ubi,
2303 1799 2392 1863 qui

286 1872 544 1943 qualisque
580 1869 866 1921 consulatus
902 1867 1115 1939 Augusti
1145 1875 1281 1917 aetate
1312 1864 1484 1930 fuerit,
1515 1886 1614 1935 qua
1643 1868 1830 1919 ratione
1860 1869 1901 1920 is
1930 1880 1978 1921 et
2005 1890 2174 1922 rerum
2205 1876 2390 1940 potitus

287 1963 336 2004 et
375 1955 430 2003 in
472 1968 525 2002 re
567 1949 765 2020 publica
804 1947 1192 2000 administranda
1231 1947 1541 2015 tenendaque
1574 1957 1794 1999 uersatus
1835 1949 1921 2013 sit,
1966 1950 2088 2018 quid
2131 1951 2192 2002 de
2219 1953 2391 2023 imperi

279 2034 489 2083 Troiam
518 2029 851 2081 transferendi
880 2029 1081 2081 consilio
1113 2038 1159 2078 et
1189 2029 1250 2078 de
1278 2028 1451 2078 Dionis
1478 2027 1581 2078 fide
1610 2030 1925 2084 statuendum
1955 2031 2193 2096 uideatur,
2224 2036 2390 2101 paucis

287 2111 710 2182 explicauerimus.
2207 2159 2210 2162 .

423 2192 701 2245 Tamenetsi
738 2194 928 2253 anticus
958 2192 1036 2243 ille
1068 2191 1367 2255 consulatuS,
1399 2192 1485 2260 qui
1513 2209 1741 2243 summus
1772 2192 1841 2242 rei
1870 2194 2078 2261 publicae
2099 2193 2269 2245 honos
2296 2194 2390 2246 su·-

283 2273 412 2340 erat,
437 2275 506 2325 eis
532 2272 853 2342 temporibus,
885 2273 1065 2342 quibus
1086 2272 1218 2343 Sylla
1249 2273 1457 2324 dictator
1484 2274 1803 2325 atrocissuma
1833 2276 1979 2326 caede
2010 2293 2117 2327 rem
2139 2274 2389 2344 publicam

284 2356 528 2409 lacerabat
566 2363 655 2404 aut
687 2353 867 2404 Caesar
899 2356 1163 2423 Pompeius
1205 2365 1253 2404 et
1280 2354 1486 2405 Crassus
1515 2354 1761 2405 triumuiri
1794 2355 1863 2406 rei
1892 2355 2118 2424 publicae
2148 2346 2392 2408 constitu-⁵

219 2466 227 2470 -
285 2440 439 2489 endae
468 2455 560 2487 suo
587 2435 790 2485 arbitrio
810 2436 1052 2486 Romanis
1082 2436 1389 2502 imperabant
1416 2446 1502 2485 aut
1537 2436 1716 2485 Caesar
1742 2435 1992 2486 dictatoris
2023 2437 2226 2487 nomine
2255 2454 2389 2489 unus

283 2518 435 2570 rebus
465 2526 700 2584 praeerat,
731 2515 1079 2583 aliquantisper
1112 2516 1316 2566 desierat
1345 2533 1460 2578 esse,
1492 2517 1824 2567 Octauianum
1849 2525 2020 2568 tamen
2051 2517 2156 2567 eius
2183 2515 2389 2569 honoris

282 2609 386 2650 tam
425 2597 659 2665 cupidum
699 2593 878 2658 fuisse,
909 2605 967 2645 ut
1007 2605 1125 2646 teste
1167 2595 1401 2645 Suetonio
1443 2596 1614 2646 Octau.
1658 2615 1701 2646 c.
1741 2596 1823 2649 26.
1863 2595 2122 2648 Cornelius
2152 2597 2389 2662 centurie,

284 2696 433 2747 quem
469 2675 779 2743 consulatum
808 2673 1174 2741 postulaturum
1206 2675 1269 2725 ad
1299 2685 1526 2726 senatum
1557 2677 1792 2741 misisset,
1839 2676 1963 2727 dum
1992 2675 2124 2744 gladi
2156 2675 2386 2743 capulum

283 2758 581 2821 ostenderet,
615 2774 722 2807 non
752 2754 1035 2807 dubitaret
1019 2774 1073 2807 ιιι
1104 2756 1239 2808 curia
1269 2756 1450 2807 dicere.
1493 2758 1571 2807 Ιιίσ
1600 2756 1763 2824 faciet,
1798 2758 1844 2808 εἰ
1872 2773 1958 2807 uos
1990 2772 2087 2809 non
2114 2755 2385 2824 ficmlt’sf‘

278 2840 466 2890 mirum
501 2838 714 2887 accidere
739 2854 845 2886 non
873 2837 1030 2889 debet.
1096 2836 1442 2887 Reuiuiscebat
1470 2835 1600 2890 enim
1632 2836 2005 2904 quodammodo
2034 2844 2153 2904 post
2167 2837 2386 2906 Quis

278 2928 493 2971 mortem
534 2917 738 2987 antiqua
767 2934 846 2969 res
883 2916 1106 2986 publica3
1135 2935 1229 2969 sua
1264 2918 1462 2986 cuique
1483 2916 1790 2986 magistratui
1818 2925 1868 2969 et
1896 2915 2058 2971 ordini
2080 2909 2299 2986 potestas
2325 2931 2391 2976 ac
