2704 3263
1309 155 1456 217 1⁸.

149 240 157 244 *
262 286 2291 368 *pmmnfflmamTaemmv-mmmaamtsanbnhaoemmfs
2339 287 2400 344 Id

291 652 481 752 rendus.
489 697 595 753 siue
612 658 885 748 oonsularis
899 703 1116 764 potestas
1133 665 1366 763 perpetua
1384 696 1690 748 manenda
1703 704 1833 746 erat.
1862 694 1935 747 At
1946 668 2160 758 Tacitus,
2178 671 2398 765 quantus

291 792 541 847 quamque
558 775 975 836 idoneusauetor!
1005 772 1102 832 boe
1118 775 1301 836 eodm
1308 765 1509 837 oonsilio
1525 775 1816 828 tribuniciae
1821 774 2075 868 ‘pot-tatis
2091 770 2397 829 uocabulum

291 855 359 916 ab
376 847 606 925 Augusto
635 863 884 923 repertum
902 854 1086 911 seribit.
1155 854 1364 907 Constat
1386 863 1647 923 praeterea,
1680 854 1918 923 quoniam
1945 871 1981 904 a
2003 853 2190 922 potiore
2216 851 2276 903 fit
2298 850 2396 916 de-

290 934 579 1000 nominatio,
597 934 811 1004 Augusti
840 952 1000 986 annos
1026 934 1204 1005 imperi
1232 952 1264 987 a
1293 935 1551 988 tribunicia
1580 945 1817 1006 potestate
1845 932 1999 985 fuisse
2027 931 2313 1002 appellatos,
2331 931 2396 988 de

292 1014 524 1085 quoefr„
553 1017 598 1067 si
621 1016 789 1084 placet,
821 1016 954 1067 Fast.
980 1034 1102 1084 cap.
1117 1016 1183 1066 ad
1214 1034 1332 1067 ann.
1350 1017 1468 1071 760.
1495 1017 1613 1071 761.
1642 1016 1776 1066 alios.
1844 1014 2050 1065 Constat
2075 1014 2238 1079 etiam,
2263 1030 2393 1082 quos

292 1097 434 1163 quasi
465 1096 716 1147 adiutores
754 1097 928 1164 imperi
963 1094 1145 1146 habere
1184 1097 1413 1160 uolueri,t
1452 1097 1716 1147 tribunicia
1756 1112 1858 1145 esse
1901 1104 2103 1145 ornatos
2144 1102 2392 1161 potestate.

293 1175 481 1228 Scilicet
504 1175 789 1227 consulatus
815 1176 1045 1243 antiquae
1077 1177 1145 1226 rei
1174 1176 1397 1243 publicae
1425 1195 1655 1227 summus
1685 1186 1791 1227 erat
1815 1176 2153 1244 magistratus3
2183 1176 2397 1242 posteri-

290 1254 465 1308 oribus
494 1256 567 1307 rei
594 1255 820 1324 publicae
845 1255 1149 1323 temporibus
1176 1265 1225 1306 et
1249 1264 1377 1308 statu
1407 1275 1576 1308 rerum
1601 1267 1794 1308 mutato
1823 1266 1873 1307 et
1902 1254 2211 1322 singulorum
2238 1254 2397 1319 ειᾷςφ-

294 1336 463 1406 gantia
485 1344 700 1403 potestas
718 1335 1033 1386 tribunorum
1058 1343 1198 1385 tanto
1223 1353 1369 1403 ope-re
1398 1345 1545 1387 aucta
1576 1344 1695 1401 erat,
1724 1345 1781 1386 ut
1809 1334 2037 1394 consules
2068 1344 2393 1403 senatumque

293 1416 518 1484 adeoque
535 1414 773 1484 populum
794 1416 957 1483 ipsum
976 1416 1229 1480 anteirent,
1256 1434 1381 1484 quae
1405 1415 1510 1468 fere
1528 1415 1770 1469 Niebuhri
1792 1416 1947 1468 uerba
1965 1425 2085 1467 sunt
2101 1415 2226 1467 Hist.
2243 1416 2392 1480 Rom.

296 1501 336 1547 1.
366 1517 415 1565 p.
440 1497 557 1554 695.
588 1486 664 1545 ed.
690 1499 797 1559 HL,
818 1497 915 1567 *qui
942 1497 1124 1546 ibidem
1155 1515 1204 1564 p.
1225 1497 1327 1550 680
1353 1498 1515 1561 dooet,
1541 1497 1766 1564 plebeios,
1796 1515 1899 1565 quo
1930 1506 2148 1564 tempore
2175 1497 2230 1546 in
2254 1514 2394 1552 sacro

295 1587 465 1628 monte
492 1587 743 1627 uersantes
770 1576 820 1626 id
844 1575 1115 1640 ecfecerint,
1158 1586 1217 1626 ut
1238 1578 1528 1628 sacrosancti
1544 1576 1715 1627 fierent
1739 1577 1940 1641 tribuni,
1965 1578 2052 1627 uix
2075 1578 2244 1627 animo
2268 1596 2394 1646 pro-

297 1658 522 1727 spexisse,
549 1655 673 1721 fore,
700 1666 757 1706 ut
785 1657 826 1706 is
856 1658 1171 1724 magistratus
1202 1657 1384 1710 sensim
1416 1657 1743 1722 praecipuam,
1773 1656 1950 1708 deinde
1979 1657 2222 1707 infinitam
2255 1659 2308 1707 in
2335 1677 2392 1714 re

296 1736 494 1806 publica
533 1735 803 1805 potentiam
845 1736 1208 1805 adipisceretur,
1250 1735 1479 1801 idoneam
1515 1734 1651 1786 illam
1690 1754 1845 1804 aeque
1884 1755 1942 1788 ac
1968 1738 2289 1788 necessariam
2327 1739 2393 1789 ad

297 1817 625 1887 principatum
641 1817 971 1866 condendum.
1038 1821 1154 1867 Non
1167 1815 1309 1868 debet
1327 1815 1476 1883 igitur
1497 1816 1679 1866 mirum
1703 1817 1891 1881 uideri,
1934 1836 2040 1873 rem
2055 1836 2162 1869 non
2181 1819 2250 1872 ita
2275 1837 2391 1872 ma-

296 1917 447 1969 gnam
479 1916 729 1966 nusquam
759 1907 1004 1966 praeterea
1020 1897 1283 1948 memoriae
1298 1897 1523 1948 traditam
1550 1915 1665 1952 esse.
1732 1899 1817 1949 Set
1844 1899 1980 1966 quod
1996 1899 2273 1954 Suetonius
2291 1919 2392 1951 no-

292 1979 521 2033 minatim
540 1976 776 2042 adfertur,
802 1978 863 2030 de
891 1979 1055 2030 eosic
1082 1977 1477 2030 existumandum
1508 1988 1594 2030 est.
1661 1980 1933 2031 Possumus
1950 1981 2082 2031 enim
2106 1981 2219 2033 satis
2236 1980 2392 2033 multa

295 2060 534 2130 proferre,
564 2058 745 2128 quibus
773 2060 1075 2110 Suetonius’
1054 2077 1114 2110 ιιι
1133 2059 1342 2128 Augusti
1375 2058 1525 2113 rebus
1558 2061 1843 2112 narrandis
1829 2070 1896 2111 ita
1925 2077 1954 2111 a
1968 2061 2124 2112 Dione
2139 2062 2388 2129 discrepat,

300 2152 375 2192 ιιι
396 2141 460 2192 ab
501 2140 598 2190 hoc
625 2144 744 2190 uera
772 2140 948 2189 tradita
979 2157 1083 2190 esse
1113 2149 1352 2208 appareat,
1381 2157 1508 2209 quae
1543 2141 1742 2209 quidem
1775 2158 2056 2191 maxumam
2083 2150 2273 2209 partem
2297 2139 2389 2192 ex-

299 2221 497 2289 planata
522 2230 610 2273 aut
636 2220 901 2289 significata
918 2220 1217 2271 Casaubono
1243 2229 1371 2270 sunt.
1437 2222 1523 2272 Set
1544 2222 1749 2289 exempli
1779 2240 1943 2272 caussa
1958 2223 2189 2289 ponimus
2217 2239 2386 2288 pauca.

298 2303 418 2369 Cap.
436 2306 504 2354 17
522 2300 644 2351 haec
662 2300 912 2369 leguntur:
944 2301 1130 2350 remisit
1156 2310 1320 2351 tamen
1342 2300 1470 2351 hosti
1496 2301 1705 2351 iudicato
1724 2303 2093 2352 necessitudines
2109 2302 2388 2370 amicosque

301 2399 489 2445 omnes,
518 2390 665 2450 atque
700 2382 837 2432 inter·
859 2380 979 2432 alios
996 2380 1053 2430 C.
1070 2381 1269 2432 Sosium
1295 2391 1341 2432 et
1359 2381 1451 2431 Cn.
1465 2382 1751 2446 Domitium,
1782 2393 1902 2432 tunc
1926 2381 2088 2433 adhuc
2118 2380 2384 2435 oonsulee’.

301 2461 576 2533 Antonium
612 2461 804 2515 hostem
833 2480 937 2513 non
973 2462 1264 2528 iudicatum,
1304 2470 1373 2513 set
1399 2460 1685 2531 Cleopatrae
1715 2463 1898 2519 bellum
1928 2463 2166 2514 indictum
2194 2473 2388 2531 praeter

298 2543 509 2598 Dionem
535 2546 623 2605 -50,
649 2546 687 2595 4
713 2552 762 2593 et
791 2544 824 2596 6
865 2546 1208 2613 Zonaramque
1236 2551 1322 2607 10,
1350 2547 1416 2596 28
1446 2543 1733 2595 Plutarchus
1761 2553 1925 2611 aperte
1956 2544 2104 2594 tradit
2131 2545 2318 2595 Anton.
2345 2564 2388 2595 c.
2475 2547 2477 2550 ’

290 2623 393 2678 ’6οτ
419 2623 703 2693 ψηφίζεται
717 2623 1046 2694 Κλεοπάτρᾳ
1059 2630 1334 2692 εαλεμεῖν,
1361 2622 1669 2692 ἀφελέσθαι
1694 2621 1754 2679 δὲ
1780 2626 1880 2693 τῆς
1897 2625 2057 2694 ἄρκῆς
2073 2624 2387 2690 Ἀντωνιος,

212 2712 215 2715 ’
302 2702 366 2772 ἧς
395 2704 584 2770 ἐξέστη
615 2707 840 2770 γυναικί.
908 2705 1042 2756 Τιιιιι
1070 2723 1135 2756 ne
1163 2705 1212 2757 id
1244 2703 1375 2796 quid·
1387 2721 1564 2755 uerum
1599 2713 1685 2767 est,
1705 2705 1842 2774 quod
1858 2705 2090 2768 Antonio,
2122 2714 2387 2773 postquam

287 2780 456 2838 -hootis
463 2782 707 2841 iudicatus
723 2791 861 2844 esset,
881 2786 1262 2837 necessitudines
1281 2783 1560 2853 amicosque
1577 2786 1741 2835 omnis
1761 2785 2003 2837 remisisse
2023 2786 2229 2840 dieitur.
2233 2784 2387 2845 Ordo

300 2865 484 2922 rerum
480 2862 582 2930 lue
598 2874 720 2920 erat.
783 2864 1027 2923 Consules
1050 2866 1126 2919 C.
1133 2867 1342 2918 sossius
1370 2874 1421 2917 et
1443 2866 1537 2917 Cn.
1550 2867 1802 2917 Domitius
1830 2867 2045 2921 Romam
2074 2858 2392 2934 reliquerunt,

230 3011 237 3015 .
278 2943 854 3013 ..postquam-‘Octauiano
869 2939 1230 3002 resistiRomae
1259 2964 1364 2998 non
1391 2964 1531 3016 posse
1558 2934 1942 3010 intellexerunt,
1982 2951 2390 3028 Qum-umanum,
